@ARTICLE{Effect.IJCA.0975-8887,
  author = {{Godara}, D. R. and {Purohit}, J. S. and {Rankawat}, Sandeep and {Modi}, S. K.},
  title = "Effect of Foliage Length on Signal Attenuation in Millimeter Band at 35GHz Frequency",
  journal = {International Journal of Computer Applications},
  year = 2013,  
  month = dec,
  volume = {84 - No. 2},
  pages = {11--13},
  url = {http://research.ijcaonline.org/volume84/number2/pxc3892632.pdf}
}
                      
          
